@article{COWexp,
  title     = {Observation of Gravitationally Induced Quantum Interference},
  author    = {Colella, R. and Overhauser, A. W. and Werner, S. A.},
  journal   = {Phys. Rev. Lett.},
  volume    = {34},
  issue     = {23},
  pages     = {1472--1474},
  numpages  = {0},
  year      = {1975},
  month     = {Jun},
  publisher = {American Physical Society},
  doi       = {10.1103/PhysRevLett.34.1472},
  url       = {https://link.aps.org/doi/10.1103/PhysRevLett.34.1472}
}

@article{COWtheory,
  title     = {Experimental Test of Gravitationally Induced Quantum Interference},
  author    = {Overhauser, A. W. and Colella, R.},
  journal   = {Phys. Rev. Lett.},
  volume    = {33},
  issue     = {20},
  pages     = {1237--1239},
  numpages  = {0},
  year      = {1974},
  month     = {Nov},
  publisher = {American Physical Society},
  doi       = {10.1103/PhysRevLett.33.1237},
  url       = {https://link.aps.org/doi/10.1103/PhysRevLett.33.1237}
}

@article{Fujiie_2024,
  title     = {Development of Neutron Interferometer Using Multilayer Mirrors and Measurements of Neutron-Nuclear Scattering Length with Pulsed Neutron Source},
  volume    = {132},
  issn      = {1079-7114},
  url       = {http://dx.doi.org/10.1103/PhysRevLett.132.023402},
  doi       = {10.1103/physrevlett.132.023402},
  number    = {2},
  journal   = {Physical Review Letters},
  publisher = {American Physical Society (APS)},
  author    = {Fujiie, Takuhiro and Hino, Masahiro and Hosobata, Takuya and Ichikawa, Go and Kitaguchi, Masaaki and Mishima, Kenji and Seki, Yoshichika and Shimizu, Hirohiko M. and Yamagata, Yutaka},
  year      = {2024},
  month     = jan,
  note      = {多層膜ミラー}
}

@phdthesis{SekY:2011,
  author = {Seki, Yoshichika},
  title  = {Multilayer Neutron Interferometer with Complete Path Separation},
  school = {京都大学},
  year   = {2011},
  month  = {3},
  school = {京都大学 (Kyoto University)},
  url    = {http://hdl.handle.net/2433/142371},
  note   = {中性子干渉実験周辺、特に屈折率計算}
}

@mastersthesis{report2021,
  author = {竹内, 広樹 and 對馬, 拓実 and 武藤, 優真},
  school = {京都大学 (Kyoto University)},
  title  = {多層膜ミラーを用いた中性子干渉計の作成と重力加速度の測定},
  year   = {2022},
  month  = {10},
  type   = {卒論},
  url    = {https://www-he.scphys.kyoto-u.ac.jp/gakubu/P2/P2-21/P2_2021_report_neutron.pdf}
}

@phdthesis{KitM:2004,
  author = {Kitaguchi, Masaaki},
  title  = {Cold-neutron interferometry using beam splitting etalons},
  school = {京都大学},
  year   = {2004},
  month  = {5},
  school = {京都大学 (Kyoto University)},
  url    = {http://hdl.handle.net/2433/64951},
  note   = {コヒーレンス長}
}
