@article{COWexp,
  title     = {Observation of Gravitationally Induced Quantum Interference},
  author    = {Colella, R. and Overhauser, A. W. and Werner, S. A.},
  journal   = {Phys. Rev. Lett.},
  volume    = {34},
  issue     = {23},
  pages     = {1472--1474},
  numpages  = {0},
  year      = {1975},
  month     = {Jun},
  publisher = {American Physical Society},
  doi       = {10.1103/PhysRevLett.34.1472},
  url       = {https://link.aps.org/doi/10.1103/PhysRevLett.34.1472}
}
